@Book{xie2015,
  title = {Dynamic Documents with {R} and knitr},
  author = {Yihui Xie},
  publisher = {Chapman and Hall/CRC},
  address = {Boca Raton, Florida},
  year = {2015},
  edition = {2nd},
  note = {ISBN 978-1498716963},
  url = {http://yihui.org/knitr/},
}

@book{goeree2015health,
  title={Health technology assessment: using biostatistics to break the barriers of adopting new medicines},
  author={Goeree, Ron},
  year={2015},
  publisher={CRC Press}
}

@article{weinstein1977foundations,
  title={Foundations of cost-effectiveness analysis for health and medical practices},
  author={Weinstein, Milton C and Stason, William B},
  journal={New England journal of medicine},
  volume={296},
  number={13},
  pages={716--721},
  year={1977},
  publisher={Mass Medical Soc}
}

@book{culyer1980political,
  title={The political economy of social policy},
  author={Culyer, Anthony J},
  year={1980},
  publisher={St. Martin's Press}
}

@article{green1988priority,
  title={Priority setting and economic appraisal: whose priorities—the community or the economist?},
  author={Green, Andrew and Barker, Carol},
  journal={Social science \& medicine},
  volume={26},
  number={9},
  pages={919--929},
  year={1988},
  publisher={Elsevier}
}

@article{birch1992cost,
  title={Cost effectiveness/utility analyses: do current decision rules lead us to where we want to be?},
  author={Birch, Stephen and Gafni, Amiram},
  journal={Journal of health economics},
  volume={11},
  number={3},
  pages={279--296},
  year={1992},
  publisher={Elsevier}
}

@book{gray2011applied,
  title={Applied methods of cost-effectiveness analysis in healthcare},
  author={Gray, Alastair M and Clarke, Philip M and Wolstenholme, Jane L and Wordsworth, Sarah},
  volume={3},
  year={2011},
  publisher={Oxford University Press}
}

@article{laupacis1992attractive,
  title={How attractive does a new technology have to be to warrant adoption and utilization? Tentative guidelines for using clinical and economic evaluations.},
  author={Laupacis, Andreas and Feeny, David and Detsky, Allan S and Tugwell, Peter X},
  journal={CMAJ: Canadian Medical Association Journal},
  volume={146},
  number={4},
  pages={473},
  year={1992},
  publisher={Canadian Medical Association}
}

@article{williams2004could,
  title={What could be nicer than NICE?},
  author={Williams, Alan and others},
  journal={Monographs},
  year={2004},
  publisher={Office of Health Economics}
}

@article{philips2006good,
  title={Good practice guidelines for decision-analytic modelling in health technology assessment},
  author={Philips, Zoe and Bojke, Laura and Sculpher, Mark and Claxton, Karl and Golder, Su},
  journal={Pharmacoeconomics},
  volume={24},
  number={4},
  pages={355--371},
  year={2006},
  publisher={Springer}
}

@article{sculpher2006whither,
  title={Whither trial-based economic evaluation for health care decision making?},
  author={Sculpher, Mark J and Claxton, Karl and Drummond, Mike and McCabe, Chris},
  journal={Health economics},
  volume={15},
  number={7},
  pages={677--687},
  year={2006},
  publisher={Wiley Online Library}
}

@article{dahabreh2016guidance,
  title={Guidance for the conduct and reporting of modeling and simulation studies in the context of health technology assessment},
  author={Dahabreh, Issa J and Trikalinos, Thomas A and Balk, Ethan M and Wong, John B},
  journal={Methods Guide for Effectiveness and Comparative Effectiveness Reviews [Internet]},
  year={2016},
  publisher={Agency for Healthcare Research and Quality (US)}
}

@article{roberts2012conceptualizing,
  title={Conceptualizing a model: a report of the ISPOR-SMDM modeling good research practices task force--2},
  author={Roberts, Mark and Russell, Louise B and Paltiel, A David and Chambers, Michael and McEwan, Phil and Krahn, Murray},
  journal={Medical Decision Making},
  volume={32},
  number={5},
  pages={678--689},
  year={2012},
  publisher={Sage Publications Sage CA: Los Angeles, CA}
}

@article{briggs2012model,
  title={Model parameter estimation and uncertainty analysis: a report of the ISPOR-SMDM Modeling Good Research Practices Task Force Working Group--6},
  author={Briggs, Andrew H and Weinstein, Milton C and Fenwick, Elisabeth AL and Karnon, Jonathan and Sculpher, Mark J and Paltiel, A David},
  journal={Medical decision making},
  volume={32},
  number={5},
  pages={722--732},
  year={2012},
  publisher={Sage Publications Sage CA: Los Angeles, CA}
}

@article{caro2012modeling,
  title={Modeling good research practices—overview: a report of the ISPOR-SMDM Modeling Good Research Practices Task Force--1},
  author={Caro, J Jaime and Briggs, Andrew H and Siebert, Uwe and Kuntz, Karen M},
  journal={Medical Decision Making},
  volume={32},
  number={5},
  pages={667--677},
  year={2012},
  publisher={Sage Publications Sage CA: Los Angeles, CA}
}
